<record><leader>00000cas a22000007a 4500</leader><controlfield tag="001">11903464</controlfield><controlfield tag="008">850410d18161820paudn ne      0    0eng d</controlfield><datafield ind1=" " ind2=" " tag="010"><subfield code="a">sn 85025787 </subfield></datafield><datafield ind1=" " ind2=" " tag="040"><subfield code="a">NPX</subfield><subfield code="b">eng</subfield><subfield code="c">NPX</subfield><subfield code="d">NPH</subfield><subfield code="d">YOX</subfield><subfield code="d">NJW</subfield><subfield code="d">KRTAS</subfield><subfield code="d">OCLCQ</subfield></datafield><datafield ind1=" " ind2=" " tag="042"><subfield code="a">msc</subfield></datafield><datafield ind1="0" ind2=" " tag="130"><subfield code="a">American centinel and mercantile advertiser (Philadelphia, Pa. : Daily)</subfield></datafield><datafield ind1="1" ind2="4" tag="245"><subfield code="a">The American centinel and mercantile advertiser.</subfield></datafield><datafield ind1="3" ind2="0" tag="246"><subfield code="a">American sentinel and mercantile advertiser</subfield></datafield><datafield ind1=" " ind2=" " tag="260"><subfield code="a">Philadelphia [Pa.] :</subfield><subfield code="b">Jacob Frick &amp; Co.,</subfield><subfield code="c">1816-</subfield></datafield><datafield ind1=" " ind2=" " tag="300"><subfield code="a">v. ;</subfield><subfield code="c">51 cm.</subfield></datafield><datafield ind1=" " ind2=" " tag="310"><subfield code="a">Daily (except Sun.)</subfield></datafield><datafield ind1="0" ind2=" " tag="362"><subfield code="a">Vol. 1, no. 1 (Aug. 26, 1816)-</subfield></datafield><datafield ind1="1" ind2=" " tag="362"><subfield code="a">Ceased in Aug. 1820.</subfield><subfield code="z">Cf. Brigham, C.S. Amer. newspapers.</subfield></datafield><datafield ind1=" " ind2=" " tag="500"><subfield code="a">References: Shaw &amp; Shoemaker 36728; Brigham, C.S. Amer. newspapers, p. 888.</subfield></datafield><datafield ind1=" " ind2=" " tag="500"><subfield code="a">"Democratic."</subfield></datafield><datafield ind1=" " ind2=" " tag="580"><subfield code="a">Weekly eds.: American centinel; American sentinel (Philadelphia, Pa. : Weekly).</subfield></datafield><datafield ind1="1" ind2=" " tag="700"><subfield code="a">Frick, Jacob.</subfield></datafield><datafield ind1=" " ind2=" " tag="752"><subfield code="a">United States</subfield><subfield code="b">Pennsylvania</subfield><subfield code="c">Philadelphia</subfield><subfield code="d">Philadelphia.</subfield></datafield><datafield ind1="0" ind2=" " tag="775"><subfield code="t">American centinel and mercantile advertiser (Philadelphia, Pa. : Triweekly)</subfield><subfield code="w">(DLC)sn 85025788</subfield></datafield><datafield ind1="1" ind2=" " tag="775"><subfield code="t">American centinel</subfield><subfield code="w">(DLC)sn 85025789</subfield></datafield><datafield ind1="1" ind2=" " tag="775"><subfield code="t">American sentinel (Philadelphia, Pa. : Weekly)</subfield><subfield code="w">(DLC)sn 83032319</subfield></datafield><datafield ind1="0" ind2="0" tag="785"><subfield code="t">American sentinel and mercantile advertiser (Philadelphia, Pa. : Daily)</subfield><subfield code="w">(DLC)sn 85025790</subfield></datafield><datafield ind1=" " ind2=" " tag="938"><subfield code="a">Kirtas Technologies, Inc.</subfield><subfield code="b">KRTS</subfield><subfield code="n">739118</subfield></datafield><datafield ind1="1" ind2=" " tag="029"><subfield code="a">AU@</subfield><subfield code="b">000025823629</subfield></datafield></record>